@article{stranks2015metal,
  title={Metal-halide perovskites for photovoltaic and light-emitting devices},
  author={Stranks, Samuel D and Snaith, Henry J},
  journal={Nature nanotechnology},
  volume={10},
  number={5},
  pages={391--402},
  year={2015},
  publisher={Nature Publishing Group}
}
@article{sutherland2016perovskite,
  title={Perovskite photonic sources},
  author={Sutherland, Brandon R and Sargent, Edward H},
  journal={Nature Photonics},
  volume={10},
  number={5},
  pages={295--302},
  year={2016},
  publisher={Nature Publishing Group}
}
@article{swarnkar2016quantum,
  title={Quantum dot--induced phase stabilization of $\alpha$-CsPbI3 perovskite for high-efficiency photovoltaics},
  author={Swarnkar, Abhishek and Marshall, Ashley R and Sanehira, Erin M and Chernomordik, Boris D and Moore, David T and Christians, Jeffrey A and Chakrabarti, Tamoghna and Luther, Joseph M},
  journal={Science},
  volume={354},
  number={6308},
  pages={92--95},
  year={2016},
  publisher={American Association for the Advancement of Science}
}
@article{becker2018bright,
  title={Bright triplet excitons in caesium lead halide perovskites},
  author={Becker, Michael A and Vaxenburg, Roman and Nedelcu, Georgian and Sercel, Peter C and Shabaev, Andrew and Mehl, Michael J and Michopoulos, John G and Lambrakos, Samuel G and Bernstein, Noam and Lyons, John L and others},
  journal={Nature},
  volume={553},
  number={7687},
  pages={189--193},
  year={2018},
  publisher={Nature Publishing Group}
}
@article{yakunin2015low,
  title={Low-threshold amplified spontaneous emission and lasing from colloidal nanocrystals of caesium lead halide perovskites},
  author={Yakunin, Sergii and Protesescu, Loredana and Krieg, Franziska and Bodnarchuk, Maryna I and Nedelcu, Georgian and Humer, Markus and De Luca, Gabriele and Fiebig, Manfred and Heiss, Wolfgang and Kovalenko, Maksym V},
  journal={Nature communications},
  volume={6},
  number={1},
  pages={1--9},
  year={2015},
  publisher={Nature Publishing Group}
}
@article{li2016cspbx3,
  title={CsPbX3 quantum dots for lighting and displays: room-temperature synthesis, photoluminescence superiorities, underlying origins and white light-emitting diodes},
  author={Li, Xiaoming and Wu, Ye and Zhang, Shengli and Cai, Bo and Gu, Yu and Song, Jizhong and Zeng, Haibo},
  journal={Advanced Functional Materials},
  volume={26},
  number={15},
  pages={2435--2445},
  year={2016},
  publisher={Wiley Online Library}
}
@article{cho2020role,
  title={The role of photon recycling in perovskite light-emitting diodes},
  author={Cho, Changsoon and Zhao, Baodan and Tainter, Gregory D and Lee, Jung-Yong and Friend, Richard H and Di, Dawei and Deschler, Felix and Greenham, Neil C},
  journal={Nature communications},
  volume={11},
  number={1},
  pages={1--8},
  year={2020},
  publisher={Nature Publishing Group}
}
@article{wang2016stability,
  title={Stability of perovskite solar cells},
  author={Wang, Dian and Wright, Matthew and Elumalai, Naveen Kumar and Uddin, Ashraf},
  journal={Solar Energy Materials and Solar Cells},
  volume={147},
  pages={255--275},
  year={2016},
  publisher={Elsevier}
}
@article{xiao2017efficient,
  title={Efficient perovskite light-emitting diodes featuring nanometre-sized crystallites},
  author={Xiao, Zhengguo and Kerner, Ross A and Zhao, Lianfeng and Tran, Nhu L and Lee, Kyung Min and Koh, Tae-Wook and Scholes, Gregory D and Rand, Barry P},
  journal={Nature Photonics},
  volume={11},
  number={2},
  pages={108--115},
  year={2017},
  publisher={Nature Publishing Group}
}
@article{wang2019trifluoroacetate,
  title={Trifluoroacetate induced small-grained CsPbBr 3 perovskite films result in efficient and stable light-emitting devices},
  author={Wang, Haoran and Zhang, Xiaoyu and Wu, Qianqian and Cao, Fan and Yang, Dongwen and Shang, Yuequn and Ning, Zhijun and Zhang, Wei and Zheng, Weitao and Yan, Yanfa and others},
  journal={Nature communications},
  volume={10},
  number={1},
  pages={1--10},
  year={2019},
  publisher={Nature Publishing Group}
}
@article{zhang2016high,
  title={High-quality whispering-gallery-mode lasing from cesium lead halide perovskite nanoplatelets},
  author={Zhang, Qing and Su, Rui and Liu, Xinfeng and Xing, Jun and Sum, Tze Chien and Xiong, Qihua},
  journal={Advanced Functional Materials},
  volume={26},
  number={34},
  pages={6238--6245},
  year={2016},
  publisher={Wiley Online Library}
}
@article{yang2018high,
  title={High-performance single-crystalline perovskite thin-film photodetector},
  author={Yang, Zhenqian and Deng, Yuhao and Zhang, Xiaowei and Wang, Suo and Chen, Huazhou and Yang, Sui and Khurgin, Jacob and Fang, Nicholas X and Zhang, Xiang and Ma, Renmin},
  journal={Advanced Materials},
  volume={30},
  number={8},
  pages={1704333},
  year={2018},
  publisher={Wiley Online Library}
}
@article{du2016high,
  title={High-performance anode material Sr2FeMo0. 65Ni0. 35O6- $\delta$ with in situ exsolved nanoparticle catalyst},
  author={Du, Zhihong and Zhao, Hailei and Yi, Sha and Xia, Qing and Gong, Yue and Zhang, Yang and Cheng, Xing and Li, Yan and Gu, Lin and SÃÅwierczek, Konrad},
  journal={ACS nano},
  volume={10},
  number={9},
  pages={8660--8669},
  year={2016},
  publisher={ACS Publications}
}
@article{zhang2021blue,
  title={Blue light-emitting diodes based on halide perovskites: Recent advances and strategies},
  author={Zhang, Jianfeng and Wang, Lin and Zhang, Xiaoyu and Xie, Guohua and Jia, Guohua and Zhang, Jianhua and Yang, Xuyong},
  journal={Materials Today},
  year={2021},
  publisher={Elsevier}
}