@article{Lee2011NuclearFE,
	title={Nuclear Fusion Energy—Mankind’s Giant Step Forward},
	author={S. Lee and S. H. Saw},
	journal={Journal of Fusion Energy},
	year={2011},
	volume={30},
	pages={398-403}
}
@inproceedings{Focardi2010ANE,
	title={A new energy source from nuclear fusion},
	author={S. Focardi and A. Rossi},
	year={2010}
}
@article{Petrescu2017SomePS,
	title={Some Proposed Solutions to Achieve Nuclear Fusion},
	author={R. Petrescu and Aversa Raffaella and S. Kozaitis and A. Antonio and F. Petrescu},
	journal={American Journal of Engineering and Applied Sciences},
	year={2017},
	volume={10},
	pages={703-708}
}
@article{贺贤土0惯性约束聚变研究进展和展望,
	title={惯性约束聚变研究进展和展望},
	author={贺贤土},
	journal={核科学与工程},
	number={03},
	pages={57-60},
}
@article{张杰1999浅谈惯性约束核聚变,
	title={浅谈惯性约束核聚变},
	author={张杰},
	journal={物理},
	year={1999},
}
@online{chinaEAST1,
	title={中国“人造太阳”实验装置再获重大突破},
	url={http://news.ifeng.com/a/20161103/50196150_0.shtml},
	author={凤凰网资讯},
	urldate={2016-11-03},
	year={2016}
}
@online{chinaEAST2,
	title={我国“人造太阳”EAST装置实现1亿摄氏度等离子体运行},
	url={http://www.gov.cn/xinwen/2018-11/12/content_5339518.htm},
	author={中国政府网},
	urldate={2018-11-12},
	year={2018}
}

% vim:ts=4:sw=4