@article{Nelson2019ReducingNI,
  title={Reducing Noise in a Ring-laser Gyro Based on Stimulated Brillouin Scattering},
  author={K. Nelson and M. Puckett and J. Wu and D. Bose and S. Gundavarapu and D. Blumenthal},
  journal={2019 IEEE International Symposium on Inertial Sensors and Systems (INERTIAL)},
  year={2019},
  pages={1-4}
}
@article{Lihui2015MathematicalMO,
  title={Mathematical models of light waves in Brillouin-scattering fiber-optic gyroscope resonator},
  author={W. Lihui and Cao Min and Liu Qing-chan and Guangjin Wei and Li Bo and Lin Cong},
  journal={Optik},
  year={2015},
  volume={126},
  pages={2937-2940}
}
@article{Luo2013BrillouinRamanCO,
  title={Brillouin/Raman compensation of the Kerr-effect-induced bias in a nonlinear ring laser gyroscope.},
  author={Z. Luo and X. Yuan and Zhihong Zhu and K. Liu and W. Ye and Chun Zeng and J. Ji},
  journal={Optics letters},
  year={2013},
  volume={38 7},
  pages={
          1152-4
        }
}
@article{洪伟2010布里渊光纤环形激光器的发展与应用,
	title={布里渊光纤环形激光器的发展与应用},
	author={洪伟 and 李绪友 and 何周 and 张琛},
	journal={中国惯性技术学报},
	number={01},
	pages={115-119},
	year={2010},
}