@phdthesis{de1924recherches,
  title={Recherches sur la th{\'e}orie des quanta},
  author={De Broglie, Louis},
  year={1924},
  school={Migration-universit{\'e} en cours d'affectation}
}

@article{davisson1927diffraction,
  title={Diffraction of electrons by a crystal of nickel},
  author={Davisson, Clinton and Germer, Lester H},
  journal={Physical review},
  volume={30},
  number={6},
  pages={705},
  year={1927},
  publisher={APS}
}

@book{griffiths2016introduction,
  title={Introduction to quantum mechanics},
  author={Griffiths, David J},
  year={2016},
  publisher={Cambridge University Press}
}

@article{PhysRev.25.753,
  title = {Precision Measurements of the Lattice Constants of Twelve Common Metals},
  author = {Davey, Wheeler P.},
  journal = {Phys. Rev.},
  volume = {25},
  issue = {6},
  pages = {753--761},
  numpages = {0},
  year = {1925},
  month = {Jun},
  publisher = {American Physical Society},
  doi = {10.1103/PhysRev.25.753},
  url = {https://link.aps.org/doi/10.1103/PhysRev.25.753}
}

@misc{CODATAVa61:online,
author = {},
title = {CODATA Value: lattice parameter of silicon},
url = {https://physics.nist.gov/cgi-bin/cuu/Value?asil},
month = {},
year = {},
note = {(Accessed on 10/08/2017)}
}