@book{textbook,
	author={北京大学物理学院光学所},
	year={2022},
	title={激光实验},
	publisher={北京大学物理学院},
	address={北京},
	edition={第2版},
	language={Chinese},
}