@ARTICLE{
   10.1049/ip-j.1992.0001,
   author = {J.E. Midwinter},
   ISSN = {0267-3932},
   title = {Photonics in switching: the next 25 years of optical communicationss?},
   journal = {IEE Proceedings J (Optoelectronics)},
   issue = {1},   
   volume = {139},
   year = {1992},
   month = {February},
   pages = {1-12(11)},
   url = {https://digital-library.theiet.org/content/journals/10.1049/ip-j.1992.0001}
}
@article{wang2005optical,
  title={The optical resonances in carbon nanotubes arise from excitons},
  author={Wang, Feng and Dukovic, Gordana and Brus, Louis E and Heinz, Tony F},
  journal={Science},
  volume={308},
  number={5723},
  pages={838--841},
  year={2005},
  publisher={American Association for the Advancement of Science}
}
@article{chen2002ultrafast,
  title={Ultrafast optical switching properties of single-wall carbon nanotube polymer composites at 1.55 $\mu$m},
  author={Chen, Y-C and Raravikar, NR and Schadler, LS and Ajayan, PM and Zhao, Y-P and Lu, T-M and Wang, G-C and Zhang, X-C},
  journal={Applied Physics Letters},
  volume={81},
  number={6},
  pages={975--977},
  year={2002},
  publisher={American Institute of Physics}
}
@article{tatsuura2003semiconductor,
  title={Semiconductor carbon nanotubes as ultrafast switching materials for optical telecommunications},
  author={Tatsuura, Satoshi and Furuki, Makoto and Sato, Yasuhiro and Iwasa, Izumi and Tian, MINQUAN and Mitsu, Hiroyuki},
  journal={Advanced Materials},
  volume={15},
  number={6},
  pages={534--537},
  year={2003},
  publisher={Wiley Online Library}
}
@article{sakakibara2005carbon,
  title={Carbon nanotube-poly (vinylalcohol) nanocomposite film devices: Applications for femtosecond fiber laser mode lockers and optical amplifier noise suppressors},
  author={Sakakibara, Youichi and Rozhin, Aleksey G and Kataura, Hiromichi and Achiba, Yohji and Tokumoto, Madoka},
  journal={Japanese journal of applied physics},
  volume={44},
  number={4R},
  pages={1621},
  year={2005},
  publisher={IOP Publishing}
}
@article{set2004ultrafast,
  title={Ultrafast fiber pulsed lasers incorporating carbon nanotubes},
  author={Set, Sze Y and Yaguchi, Hiroshi and Tanaka, Yuichi and Jablonski, Mark},
  journal={IEEE Journal of selected topics in quantum electronics},
  volume={10},
  number={1},
  pages={137--146},
  year={2004},
  publisher={IEEE}
}
@article{kundrapu2012model,
  title={A model of carbon nanotube synthesis in arc discharge plasmas},
  author={Kundrapu, M and Li, J and Shashurin, A and Keidar, M},
  journal={Journal of Physics D: Applied Physics},
  volume={45},
  number={31},
  pages={315305},
  year={2012},
  publisher={IOP Publishing}
}
@incollection{charlier2001growth,
  title={Growth mechanisms of carbon nanotubes},
  author={Charlier, Jean-Christophe and Iijima, Sumio},
  booktitle={Carbon Nanotubes},
  pages={55--81},
  year={2001},
  publisher={Springer}
}
@article{bethune1993cobalt,
  title={Cobalt-catalysed growth of carbon nanotubes with single-atomic-layer walls},
  author={Bethune, DS and Kiang, Ch H and De Vries, MS and Gorman, G and Savoy, R\_ and Vazquez, J and Beyers, R},
  journal={Nature},
  volume={363},
  number={6430},
  pages={605--607},
  year={1993},
  publisher={Nature Publishing Group}
}
@article{arora2014arc,
  title={Arc discharge synthesis of carbon nanotubes: Comprehensive review},
  author={Arora, Neha and Sharma, NN},
  journal={Diamond and related materials},
  volume={50},
  pages={135--150},
  year={2014},
  publisher={Elsevier}
}
@article{lin1994large,
  title={Large scale synthesis of single-shell carbon nanotubes},
  author={Lin, X and Wang, XK and Dravid, Vinayak P and Chang, RPH and Ketterson, John B},
  journal={Applied Physics Letters},
  volume={64},
  number={2},
  pages={181--183},
  year={1994},
  publisher={American Institute of Physics}
}
@article{wilson2002nanotechnology,
  title={Nanotechnology: basic science and emerging technologies},
  author={Wilson, Mick and Kannangara, Kamali and Smith, Geoff and Simmons, Michelle and Raguse, Burkhard},
  year={2002},
  publisher={CRC press}
}
@article{li2004preferential,
  title={Preferential growth of semiconducting single-walled carbon nanotubes by a plasma enhanced CVD method},
  author={Li, Yiming and Mann, David and Rolandi, Marco and Kim, Woong and Ural, Ant and Hung, Steven and Javey, Ali and Cao, Jien and Wang, Dunwei and Yenilmez, Erhan and others},
  journal={Nano letters},
  volume={4},
  number={2},
  pages={317--321},
  year={2004},
  publisher={ACS Publications}
}
@article{cassell1999large,
  title={Large scale CVD synthesis of single-walled carbon nanotubes},
  author={Cassell, Alan M and Raymakers, Jeffrey A and Kong, Jing and Dai, Hongjie},
  journal={The Journal of Physical Chemistry B},
  volume={103},
  number={31},
  pages={6484--6492},
  year={1999},
  publisher={ACS Publications}
}
@article{hata2004water,
  title={Water-assisted highly efficient synthesis of impurity-free single-walled carbon nanotubes},
  author={Hata, Kenji and Futaba, Don N and Mizuno, Kohei and Namai, Tatsunori and Yumura, Motoo and Iijima, Sumio},
  journal={Science},
  volume={306},
  number={5700},
  pages={1362--1364},
  year={2004},
  publisher={American Association for the Advancement of Science}
}
@article{hutchens2012vertically,
  title={Vertically aligned carbon nanotubes, collective mechanical behavior},
  author={Hutchens, SB and Pathak, S and Bhushan, B},
  journal={Encyclopedia of Nanotechnology; Bhushan, B., Ed.; Springer: Dordrecht, The Netherlands},
  pages={2809--2818},
  year={2012}
}
@article{thess1996crystalline,
  title={Crystalline ropes of metallic carbon nanotubes},
  author={Thess, Andreas and Lee, Roland and Nikolaev, Pavel and Dai, Hongjie and Petit, Pierre and Robert, Jerome and Xu, Chunhui and Lee, Young Hee and Kim, Seong Gon and Rinzler, Andrew G and others},
  journal={science},
  volume={273},
  number={5274},
  pages={483--487},
  year={1996},
  publisher={American Association for the Advancement of Science}
}
@article{guo1995catalytic,
  title={Catalytic growth of single-walled manotubes by laser vaporization},
  author={Guo, Ting and Nikolaev, Pavel and Thess, Andreas and Colbert, Daniel T and Smalley, Richard E},
  journal={Chemical physics letters},
  volume={243},
  number={1-2},
  pages={49--54},
  year={1995},
  publisher={Elsevier}
}
@article{yudasaka1997single,
  title={Single-wall carbon nanotube formation by laser ablation using double-targets of carbon and metal},
  author={Yudasaka, Masako and Komatsu, Toshiki and Ichihashi, Toshinari and Iijima, Sumio},
  journal={Chemical physics letters},
  volume={278},
  number={1-3},
  pages={102--106},
  year={1997},
  publisher={Elsevier}
}
@article{resasco2002scalable,
  title={A scalable process for production of single-walled carbon nanotubes (SWNTs) by catalytic disproportionation of CO on a solid catalyst},
  author={Resasco, DE and Alvarez, WE and Pompeo, F and Balzano, L and Herrera, JE and Kitiyanan, B and Borgna, A},
  journal={Journal of Nanoparticle Research},
  volume={4},
  number={1},
  pages={131--136},
  year={2002},
  publisher={Springer}
}
@article{kitiyanan2000controlled,
  title={Controlled production of single-wall carbon nanotubes by catalytic decomposition of CO on bimetallic Co--Mo catalysts},
  author={Kitiyanan, B and Alvarez, WE and Harwell, JH and Resasco, DE},
  journal={Chemical Physics Letters},
  volume={317},
  number={3-5},
  pages={497--503},
  year={2000},
  publisher={Elsevier}
}
@article{martinez2013nanotube,
  title={Nanotube and graphene saturable absorbers for fibre lasers},
  author={Martinez, Amos and Sun, Zhipei},
  journal={Nature Photonics},
  volume={7},
  number={11},
  pages={842--845},
  year={2013},
  publisher={Nature Publishing Group}
}
@article{reich2005excited,
  title={Excited-state carrier lifetime in single-walled carbon nanotubes},
  author={Reich, S and Dworzak, M and Hoffmann, A and Thomsen, C and Strano, MS},
  journal={Physical Review B},
  volume={71},
  number={3},
  pages={033402},
  year={2005},
  publisher={APS}
}
@article{yamashita2004saturable,
  title={Saturable absorbers incorporating carbon nanotubes directly synthesized onto substrates and fibers and their application to mode-locked fiber lasers},
  author={Yamashita, S and Inoue, Y and Maruyama, S and Murakami, Y and Yaguchi, H and Jablonski, M and Set, SY},
  journal={Optics letters},
  volume={29},
  number={14},
  pages={1581--1583},
  year={2004},
  publisher={Optica Publishing Group}
}
@article{margulis1998theoretical,
  title={Theoretical study of third-order nonlinear optical response of semiconductor carbon nanotubes},
  author={Margulis, Vl A and Sizikova, TA},
  journal={Physica B: Condensed Matter},
  volume={245},
  number={2},
  pages={173--189},
  year={1998},
  publisher={Elsevier}
}
@article{keller2003recent,
  title={Recent developments in compact ultrafast lasers},
  author={Keller, Ursula},
  journal={nature},
  volume={424},
  number={6950},
  pages={831--838},
  year={2003},
  publisher={Nature Publishing Group}
}
@article{song2007polarization,
  title={Polarization insensitive all-fiber mode-lockers functioned by carbon nanotubes deposited onto tapered fibers},
  author={Song, Yong-Won and Morimune, Keiyo and Set, Sze Y and Yamashita, Shinji},
  journal={Applied physics letters},
  volume={90},
  number={2},
  pages={021101},
  year={2007},
  publisher={American Institute of Physics}
}
@inproceedings{fedotov2012spectrum,
  title={Spectrum-, pulse-width and wavelength variable all-fiber mode-locked Yb laser with birefringent filter},
  author={Fedotov, YS and Kobtsev, SM and Rozhin, AG and Mou, C and Turitsyn, SK},
  booktitle={15th Int. Conf." Laser Optics},
  pages={25--29},
  year={2012}
}
@inproceedings{goh2005femtosecond,
  title={Femtosecond mode-locking of a ytterbium-doped fiber laser using a carbon-nanotube-based mode-locker with ultra-wide absorption band},
  author={Goh, Chee S and Kikuchi, K and Set, Sze Y and Tanaka, D and Kotake, T and Jablonski, M and Yamashita, S and Kobayashi, T},
  booktitle={(CLEO). Conference on Lasers and Electro-Optics, 2005.},
  volume={3},
  pages={1644--1646},
  year={2005},
  organization={IEEE}
}
@article{wang2008f,
  title={F. Hen nrich, IH White, WI Milne, and AC Ferrari},
  author={Wang, F and Rozhin, AG and Scardaci, V and Sun, Z},
  journal={Nature Nanotechnol},
  volume={3},
  pages={738},
  year={2008}
}
@article{kelleher2010bismuth,
  title={Bismuth fiber integrated laser mode-locked by carbon nanotubes},
  author={Kelleher, EJR and Travers, JC and Sun, Z and Ferrari, AC and Golant, KM and Popov, SV and Taylor, JR},
  journal={Laser Physics Letters},
  volume={7},
  number={11},
  pages={790},
  year={2010},
  publisher={IOP Publishing}
}
@article{solodyankin2008mode,
  title={Mode-locked 1.93 $\mu$m thulium fiber laser with a carbon nanotube absorber},
  author={Solodyankin, Max A and Obraztsova, Elena D and Lobach, Anatoly S and Chernov, Alexander I and Tausenev, Anton V and Konov, Vitaly I and Dianov, Evgueni M},
  journal={Optics letters},
  volume={33},
  number={12},
  pages={1336--1338},
  year={2008},
  publisher={Optical Society of America}
}
@article{chamorovskiy2012tunable,
  title={Tunable Ho-doped soliton fiber laser mode-locked by carbon nanotube saturable absorber},
  author={Chamorovskiy, A Yu and Marakulin, AV and Kurkov, AS and Okhotnikov, Oleg G},
  journal={Laser Physics Letters},
  volume={9},
  number={8},
  pages={602},
  year={2012},
  publisher={IOP Publishing}
}
@article{liu2008passively,
  title={Passively harmonic mode-locked erbium-doped fiber soliton laser with a nonlinear polarization rotation},
  author={Liu, XM and Wang, T and Shu, C and Wang, LR and Lin, A and Lu, KQ and Zhang, TY and Zhao, W},
  journal={Laser physics},
  volume={18},
  number={11},
  pages={1357--1361},
  year={2008},
  publisher={Springer}
}
@article{noronen2015all,
  title={All-bismuth fiber system for femtosecond pulse generation, compression, and energy scaling},
  author={Noronen, Teppo and Melkumov, Mikhail and Stolyarov, Dmitrii and Khopin, Vladimir F and Dianov, Evgenii and Okhotnikov, Oleg G},
  journal={Optics letters},
  volume={40},
  number={10},
  pages={2217--2220},
  year={2015},
  publisher={Optical Society of America}
}
@article{chernysheva2014sesam,
  title={SESAM and SWCNT mode-locked all-fiber thulium-doped lasers based on the nonlinear amplifying loop mirror},
  author={Chernysheva, Maria A and Krylov, Alexander A and Arutyunyan, Natalia R and Pozharov, Anatoly S and Obraztsova, Elena D and Dianov, Evgeny M},
  journal={IEEE Journal of Selected Topics in Quantum Electronics},
  volume={20},
  number={5},
  pages={448--455},
  year={2014},
  publisher={IEEE}
}
@article{kieu2008all,
  title={All-fiber normal-dispersion femtosecond laser},
  author={Kieu, K and Wise, FW},
  journal={Optics express},
  volume={16},
  number={15},
  pages={11453--11458},
  year={2008},
  publisher={Optica Publishing Group}
}
@article{kelleher2009nanosecond,
  title={Nanosecond-pulse fiber lasers mode-locked with nanotubes},
  author={Kelleher, EJR and Travers, JC and Sun, Z and Rozhin, AG and Ferrari, AC and Popov, SV and Taylor, JR},
  journal={Applied Physics Letters},
  volume={95},
  number={11},
  pages={111108},
  year={2009},
  publisher={American Institute of Physics}
}
@article{liu2015distributed,
  title={Distributed ultrafast fibre laser},
  author={Liu, Xueming and Cui, Yudong and Han, Dongdong and Yao, Xiankun and Sun, Zhipei},
  journal={Scientific reports},
  volume={5},
  number={1},
  pages={1--7},
  year={2015},
  publisher={Nature Publishing Group}
}
@article{yu201366,
  title={A 66 fs highly stable single wall carbon nanotube mode locked fiber laser},
  author={Yu, Zhenhua and Wang, Yonggang and Zhang, Xiao and Dong, Xinzheng and Tian, Jinrong and Song, Yanrong},
  journal={Laser physics},
  volume={24},
  number={1},
  pages={015105},
  year={2013},
  publisher={IOP Publishing}
}
@article{ismail2012nanosecond,
  title={Nanosecond soliton pulse generation by mode-locked erbium-doped fiber laser using single-walled carbon-nanotube-based saturable absorber},
  author={Ismail, Mohd Afiq and Harun, Sulaiman Wadi and Zulkepely, Nurul Rozullyah and Nor, Roslan Md and Ahmad, Fauzan and Ahmad, Harith},
  journal={Applied optics},
  volume={51},
  number={36},
  pages={8621--8624},
  year={2012},
  publisher={Optical Society of America}
}
@article{dong2011short,
  title={Short linear-cavity Q-switched fiber laser with a compact short carbon nanotube based saturable absorber},
  author={Dong, Bo and Hao, Jianzhong and Hu, Junhao and Liaw, Chin-yi},
  journal={Optical Fiber Technology},
  volume={17},
  number={2},
  pages={105--107},
  year={2011},
  publisher={Elsevier}
}
@article{ahmad2014mode,
  title={Mode-locked L-band bismuth--erbium fiber laser using carbon nanotubes},
  author={Ahmad, Harith and Zulkifli, Ahmad Zarif and Muhammad, FD and Zulkifli, MZ and Thambiratnam, K and Harun, Sulaiman Wadi},
  journal={Applied Physics B},
  volume={115},
  number={3},
  pages={407--412},
  year={2014},
  publisher={Springer}
}
@article{chernysheva2014higher,
  title={Higher-order soliton generation in hybrid mode-locked thulium-doped fiber ring laser},
  author={Chernysheva, Maria A and Krylov, Alexander A and Mou, Chengbo and Arif, Raz N and Rozhin, Alex G and R{\"u}mmelli, Mark H and Turitsyn, Sergey K and Dianov, Evgeny M},
  journal={Ieee journal of selected topics in quantum electronics},
  volume={20},
  number={5},
  pages={425--432},
  year={2014},
  publisher={IEEE}
}
@article{kieu2010generation,
  title={Generation of few-cycle pulses from an amplified carbon nanotube mode-locked fiber laser system},
  author={Kieu, K and Jones, R Jason and Peyghambarian, N},
  journal={IEEE Photonics Technology Letters},
  volume={22},
  number={20},
  pages={1521--1523},
  year={2010},
  publisher={IEEE}
}
@article{freudiger2014stimulated,
  title={Stimulated Raman scattering microscopy with a robust fibre laser source},
  author={Freudiger, Christian W and Yang, Wenlong and Holtom, Gary R and Peyghambarian, Nasser and Xie, X Sunney and Kieu, Khanh Q},
  journal={Nature photonics},
  volume={8},
  number={2},
  pages={153--159},
  year={2014},
  publisher={Nature Publishing Group}
}
@article{tsuzuki2016midinfrared,
  title={Midinfrared optical frequency comb based on difference frequency generation using high repetition rate Er-doped fiber laser with single wall carbon nanotube film},
  author={Tsuzuki, M and Jin, L and Yamanaka, M and Sonnenchein, V and Tomita, H and Sato, A and Ohara, T and Sakakibara, Y and Omoda, E and Kataura, H and others},
  journal={Photonics Research},
  volume={4},
  number={6},
  pages={313--317},
  year={2016},
  publisher={Optical Society of America}
}