@article{MOULHIM2020114078,
title = {Investigating the effect of quantized confining energy on the quantum coulomb blockade phenomena in single-electron transistor},
journal = {Solid State Communications},
volume = {322},
pages = {114078},
year = {2020},
issn = {0038-1098},
author = {Ali Moulhim and Brijesh Tripathi and Manoj Kumar},
}
@article{mandal2013single,
  title={Single Electron Transistor},
  author={Mandal, Sanjita},
  journal={International Journal of Innovations in Engineering and Technology (IJIET)},
  volume={2},
  number={1},
  year={2013},
  publisher={Citeseer}
}
@article{kumar2010single,
  title={Single electron transistor: Applications \& problems},
  author={Kumar, Om and Kaur, Manjit},
  journal={Int J VLSI Des Commun Syst (VLSICS)},
  volume={1},
  number={4},
  pages={24--29},
  year={2010},
  publisher={Citeseer}
}
@article{nakajima2016application,
  title={Application of single-electron transistor to biomolecule and ion sensors},
  author={Nakajima, Anri},
  journal={Applied Sciences},
  volume={6},
  number={4},
  pages={94},
  year={2016},
  publisher={Multidisciplinary Digital Publishing Institute}
}
@article{ali2020single,
  title={Single-electron pumping in a ZnO single-nanobelt quantum dot transistor},
  author={Ali, Hassan and Tang, Jing and Peng, Kai and Sun, SiBai and Falak, Attia and Song, FeiLong and Wu, ShiYao and Qian, ChenJiang and Wang, Meng and Zhang, XiTian and others},
  journal={SCIENCE CHINA Physics, Mechanics \& Astronomy},
  volume={63},
  number={6},
  pages={1--8},
  year={2020},
  publisher={Springer}
}