@article{meng2018integer,
  title={Integer Quantum Hall Effect},
  author={Meng, Severin},
  year={2018}
}
@article{Abouzaid2018TheIQ,
	title={The Integer Quantum Hall Effect},
	author={Aly Abouzaid and J. Dai and Simon Feiler and P. Kessler and Christopher Waddell},
	year={2018}
}