@article{doi:10.1021/acs.nanolett.1c00403,
author = {Yang, Guang and Yang, Chi and Chen, Yage and Yu, Boyu and Bi, Yali and Liao, Jiangshan and Li, Haozheng and Wang, Hong and Wang, Yuxi and Liu, Ziyu and Gan, Zongsong and Yuan, Quan and Wang, Yi and Xia, Jinsong and Wang, Ping},
title = {Direct Imaging of Integrated Circuits in CPU with 60 nm Super-Resolution Optical Microscope},
journal = {Nano Letters},
volume = {21},
number = {9},
pages = {3887-3893},
year = {2021},
doi = {10.1021/acs.nanolett.1c00403},
    note ={PMID: 33904733},
URL = { https://doi.org/10.1021/acs.nanolett.1c00403    
},
eprint = { https://doi.org/10.1021/acs.nanolett.1c00403    
}
}
@article{wang2013far,
  title={Far-field imaging of non-fluorescent species with subdiffraction resolution},
  author={Wang, Pu and Slipchenko, Mikhail N and Mitchell, James and Yang, Chen and Potma, Eric O and Xu, Xianfan and Cheng, Ji-Xin},
  journal={Nature photonics},
  volume={7},
  number={6},
  pages={449--453},
  year={2013},
  doi={10.1038/nphoton.2013.97},
  url={https://doi.org/10.1038/nphoton.2013.97}
}
@article{ash1972super,
  title={Super-resolution aperture scanning microscope},
  author={Ash, EA and Nicholls, G},
  journal={Nature},
  volume={237},
  number={5357},
  pages={510--512},
  year={1972},
  url={https://doi.org/10.1038/237510a0},
doi={10.1038/237510a0}
}
@article{doi:10.1063/1.336848,
author = {Dürig,U.  and Pohl,D. W.  and Rohner,F. },
title = {Near‐field optical‐scanning microscopy},
journal = {Journal of Applied Physics},
volume = {59},
number = {10},
pages = {3318-3327},
year = {1986},
doi = {10.1063/1.336848},
URL = { https://doi.org/10.1063/1.336848},
eprint = { https://doi.org/10.1063/1.336848}
}
@article{BETZIG1986269,
title = {Near Field Scanning Optical Microscopy (NSOM): Development and Biophysical Applications},
journal = {Biophysical Journal},
volume = {49},
number = {1},
pages = {269-279},
year = {1986},
issn = {0006-3495},
doi = {https://doi.org/10.1016/S0006-3495(86)83640-2},
url = {https://www.sciencedirect.com/science/article/pii/S0006349586836402},
author = {E. Betzig and A. Lewis and A. Harootunian and M. Isaacson and E. Kratschmer}
}
@article{doi:10.1021/acsphotonics.9b01821,
author = {Fathi, Amir and Chung, Chao-Yu and Lee, Yuan-Pern and Diau, Eric Wei-Guang},
title = {Label-Free Optical Microscope Based on a Phase-Modulated Femtosecond Pump–Probe Approach with Subdiffraction Resolution},
journal = {ACS Photonics},
volume = {7},
number = {3},
pages = {607-613},
year = {2020},
doi = {10.1021/acsphotonics.9b01821},
URL = {        https://doi.org/10.1021/acsphotonics.9b01821},
eprint = {        https://doi.org/10.1021/acsphotonics.9b01821}
}
@article{Bi:20,
author = {Yali Bi and Chi Yang and Lei Tong and Haozheng Li and Boyu Yu and Shuai Yan and Guang Yang and Meng Deng and Yi Wang and Wei Bao and Lei Ye and Ping Wang},
journal = {Optica},
number = {10},
pages = {1402--1407},
title = {Far-field transient absorption nanoscopy with sub-50  nm optical super-resolution},
volume = {7},
month = {Oct},
year = {2020},
url = {http://opg.optica.org/optica/abstract.cfm?URI=optica-7-10-1402},
doi = {10.1364/OPTICA.402009}
}

