@article{sadki2019spontaneous,
  title={Spontaneous and externally driven quantum spin fluctuations of 3d and 4d single atoms adsorbed on graphene},
  author={Sadki, Siham and Guimar{\~a}es, Filipe Souza Mendes and Bouaziz, Juba and Iba{\~n}ez-Azpiroz, Julen and Drissi, Lalla Btissam and Lounis, Samir},
  journal={arXiv preprint arXiv:1912.09938},
  year={2019}
}
@inproceedings{septya2021electronic,
  title={Electronic and magnetic properties of single vacancy graphene with hydrogen adsorptions analyzed using density functional theory method},
  author={Septya, Maya Mahirotul and Asih, Retno and Arifin, Rizal and others},
  booktitle={Journal of Physics: Conference Series},
  volume={1951},
  number={1},
  pages={012012},
  year={2021},
  organization={IOP Publishing}
}
@article{haffad2018effect,
  title={Effect of vacancies on electronic and magnetic properties of hydrogen passivated graphene nanoribbons},
  author={Haffad, S and Benchallal, L and Lamiri, L and Boubenider, F and Zitoune, H and Kahouadji, B and Samah, M},
  journal={Acta Physical Polonica A},
  volume={133},
  number={5},
  pages={1307},
  year={2018}
}
@article{gonzalez2016atomic,
  title={Atomic-scale control of graphene magnetism by using hydrogen atoms},
  author={Gonz{\'a}lez-Herrero, H{\'e}ctor and G{\'o}mez-Rodr{\'\i}guez, Jos{\'e} M and Mallet, Pierre and Moaied, Mohamed and Palacios, Juan Jos{\'e} and Salgado, Carlos and Ugeda, Miguel M and Veuillen, Jean-Yves and Yndurain, F{\'e}lix and Brihuega, Iv{\'a}n},
  journal={Science},
  volume={352},
  number={6284},
  pages={437--441},
  year={2016},
  publisher={American Association for the Advancement of Science}
}
@article{ray2018electronic,
  title={Electronic and Magnetic Behaviors of Hydrogen Functionalized Graphene Nanostructure Material},
  author={Ray, Sekhar Chandra},
  journal={Frontier Research Today},
  volume={1},
  pages={1002},
  year={2018}
}